
@inproceedings{mishra2018lp,
  title={{LP} residual features to counter replay attacks},
  author={Mishra, Jagabandhu and Singh, Madhusudan and Pati, Debadatta},
  booktitle={2018 International Conference on Signals and Systems (ICSigSys)},
  pages={261--266},
  year={2018},
  organization={IEEE}
}
@article{li2013spoken,
  title={Spoken language recognition: from fundamentals to practice},
  author={Li, Haizhou and Ma, Bin and Lee, Kong Aik},
  journal={Proceedings of the IEEE},
  volume={101},
  number={5},
  pages={1136--1159},
  year={2013},
  publisher={IEEE}
}

@article{zhao2008cortical,
  title={Cortical competition during language discrimination},
  author={Zhao, Jingjing and Shu, Hua and Zhang, Linjun and Wang, Xiaoyi and Gong, Qiyong and Li, Ping},
  journal={NeuroImage},
  volume={43},
  number={3},
  pages={624--633},
  year={2008},
  publisher={Elsevier}
}
@article{ramus1999language,
  title={Language identification with suprasegmental cues: A study based on speech resynthesis},
  author={Ramus, Franck and Mehler, Jacques},
  journal={The Journal of the Acoustical Society of America},
  volume={105},
  number={1},
  pages={512--521},
  year={1999},
  publisher={ASA}
}
@article{navratil2001spoken,
  title={Spoken language recognition-a step toward multilinguality in speech processing},
  author={Navratil, Jiri},
  journal={IEEE Transactions on Speech and Audio Processing},
  volume={9},
  number={6},
  pages={678--685},
  year={2001},
  publisher={IEEE}
}
@inproceedings{wong2002methods,
  title={Methods to improve Gaussian mixture model based language identification system},
  author={Wong, Eddie and Sridharan, Sridha},
  booktitle={Seventh International Conference on Spoken Language Processing},
  year={2002}
}
@article{zissman1996comparison,
  title={Comparison of four approaches to automatic language identification of telephone speech},
  author={Zissman, Marc A},
  journal={IEEE Transactions on speech and audio processing},
  volume={4},
  number={1},
  pages={31},
  year={1996},
  publisher={IEEE}
}

@article{zissman1993automatic,
  title={Automatic language identification using Gaussian mixture and hidden Markov models},
  author={Zissman, Marc A},
  journal={Acoustics, Speech, and Signal Processing, 1993. ICASSP-93., 1993 IEEE International Conference on},
  volume={2},
  pages={399--402},
  year={1993},
  publisher={IEEE}
}
@inproceedings{sugiyama1991automatic,
  title={Automatic language recognition using acoustic features},
  author={Sugiyama, Masahide},
  booktitle={Acoustics, Speech, and Signal Processing, 1991. ICASSP-91., 1991 International Conference on},
  pages={813--816},
  year={1991},
  organization={IEEE}
}
@inproceedings{braun1998automatic,
  title={Automatic language identification with perceptually guided training and recurrent neural networks},
  author={Braun, Jerome and Levkowitz, Haim},
  booktitle={Fifth International Conference on Spoken Language Processing},
  year={1998}
}
@article{richardson2015deep,
  title={Deep neural network approaches to speaker and language recognition},
  author={Richardson, Fred and Reynolds, Douglas and Dehak, Najim},
  journal={IEEE Signal Processing Letters},
  volume={22},
  number={10},
  pages={1671--1675},
  year={2015},
  publisher={IEEE}
}
@book{jurafsky2000speech,
  title={Speech and language processing},
  author={Jurafsky, Dan},
  year={2000},
  publisher={Pearson Education India}
}
@article{dehak2011front,
  title={Front-end factor analysis for speaker verification},
  author={Dehak, Najim and Kenny, Patrick J and Dehak, R{\'e}da and Dumouchel, Pierre and Ouellet, Pierre},
  journal={IEEE Transactions on Audio, Speech, and Language Processing},
  volume={19},
  number={4},
  pages={788--798},
  year={2011},
  publisher={IEEE}
}
@inproceedings{torres2002approaches,
  title={Approaches to language identification using Gaussian mixture models and shifted delta cepstral features},
  author={Torres-Carrasquillo, Pedro A and Singer, Elliot and Kohler, Mary A and Greene, Richard J and Reynolds, Douglas A and Deller Jr, John R},
  booktitle={Seventh International Conference on Spoken Language Processing},
  year={2002}
}
@article{hermansky1990perceptual,
  title={Perceptual linear predictive (PLP) analysis of speech},
  author={Hermansky, Hynek},
  journal={the Journal of the Acoustical Society of America},
  volume={87},
  number={4},
  pages={1738--1752},
  year={1990},
  publisher={ASA}
}
@misc{rabiner1993yegnanarayana,
  title={Fundamental of Speech recognition},
  author={Lawrence Rabiner and Biing Hwang Juang and B.Yegnanarayana},
  year={1993},
  publisher={Pearson Education}
}
@inproceedings{gonzalez2014automatic,
  title={Automatic language identification using long short-term memory recurrent neural networks},
  author={Gonzalez-Dominguez, Javier and Lopez-Moreno, Ignacio and Sak, Ha{\c{s}}im and Gonzalez-Rodriguez, Joaquin and Moreno, Pedro J},
  booktitle={Fifteenth Annual Conference of the International Speech Communication Association},
  year={2014}
}
@inproceedings{lopez2014automatic,
  title={Automatic language identification using deep neural networks},
  author={Lopez-Moreno, Ignacio and Gonzalez-Dominguez, Javier and Plchot, Oldrich and Martinez, David and Gonzalez-Rodriguez, Joaquin and Moreno, Pedro},
  booktitle={Acoustics, Speech and Signal Processing (ICASSP), 2014 IEEE International Conference on},
  pages={5337--5341},
  year={2014},
  organization={IEEE}
}
@article{lopez2016use,
  title={On the use of deep feedforward neural networks for automatic language identification},
  author={Lopez-Moreno, Ignacio and Gonzalez-Dominguez, Javier and Martinez, David and Plchot, Old{\v{r}}ich and Gonzalez-Rodriguez, Joaquin and Moreno, Pedro J},
  journal={Computer Speech \& Language},
  volume={40},
  pages={46--59},
  year={2016},
  publisher={Elsevier}
}
@inproceedings{garcia2016stacked,
  title={Stacked Long-Term TDNN for Spoken Language Recognition.},
  author={Garcia-Romero, Daniel and McCree, Alan},
  booktitle={INTERSPEECH},
  pages={3226--3230},
  year={2016}
}
@inproceedings{snyder2018spoken,
  title={Spoken language recognition using x-vectors},
  author={Snyder, David and Garcia-Romero, Daniel and McCree, Alan and Sell, Gregory and Povey, Daniel and Khudanpur, Sanjeev},
  booktitle={Odyssey: The Speaker and Language Recognition Workshop, Les Sables dâ€™Olonne},
  year={2018}
}
@article{sarma2018language,
  title={Language Recognition using Time Delay Deep Neural Network},
  author={Sarma, Mousmita and Sarma, Kandarpa Kumar and Goel, Nagendra Kumar},
  journal={arXiv preprint arXiv:1804.05000},
  year={2018}
}
@techreport{leonard1974automatic,
  title={Automatic Language Identification.},
  author={Leonard, R Gary and Doddington, George R},
  year={1974},
  institution={TEXAS INSTRUMENTS INC DALLAS}
}
@article{house1977toward,
  title={Toward automatic identification of the language of an utterance.{ I. Preliminary} methodological considerations},
  author={House, Arthur S and Neuburg, Edward P},
  journal={The Journal of the Acoustical Society of America},
  volume={62},
  number={3},
  pages={708--713},
  year={1977},
  publisher={ASA}
}
@inproceedings{li1980statistical,
  title={Statistical models for automatic language identification},
  author={Li, K and Edwards, T},
  booktitle={Acoustics, Speech, and Signal Processing, IEEE International Conference on ICASSP'80.},
  volume={5},
  pages={884--887},
  year={1980},
  organization={IEEE}
}
@inproceedings{cimarusti1982development,
  title={Development of an automatic identification system of spoken languages: Phase {I}},
  author={Cimarusti, Deidre and Ives, R},
  booktitle={Acoustics, Speech, and Signal Processing, IEEE International Conference on ICASSP'82.},
  volume={7},
  pages={1661--1663},
  year={1982},
  organization={IEEE}
}
@inproceedings{foil1986language,
  title={Language identification using noisy speech},
  author={Foil, Jerry},
  booktitle={Acoustics, Speech, and Signal Processing, IEEE International Conference on ICASSP'86.},
  volume={11},
  pages={861--864},
  year={1986},
  organization={IEEE}
}
@inproceedings{goodman1989improved,
  title={Improved automatic language identification in noisy speech},
  author={Goodman, Fred J and Martin, Alvin F and Wohlford, Robert E},
  booktitle={Acoustics, Speech, and Signal Processing, 1989. ICASSP-89., 1989 international conference on},
  pages={528--531},
  year={1989},
  organization={IEEE}
}
@inproceedings{nakagawa1992speaker,
  title={Speaker-independent, text-independent language identification by {HMM}},
  author={Nakagawa, Seiichi and Ueda, Yoshio and Seino, Takashi},
  booktitle={Second International Conference on Spoken Language Processing},
  year={1992}
}


@inproceedings{muthusamy1992ogi,
  title={The OGI multi-language telephone speech corpus},
  author={Muthusamy, Yeshwant K and Cole, Ronald A and Oshika, Beatrice T},
  booktitle={Second International Conference on Spoken Language Processing},
  year={1992}
}

@article{reynolds2000speaker,
  title={Speaker verification using adapted Gaussian mixture models},
  author={Reynolds, Douglas A and Quatieri, Thomas F and Dunn, Robert B},
  journal={Digital signal processing},
  volume={10},
  number={1-3},
  pages={19--41},
  year={2000},
  publisher={Academic Press}
}

@article{ma2007spoken,
  title={Spoken language recognition using ensemble classifiers},
  author={Ma, Bin and Li, Haizhou and Tong, Rong},
  journal={IEEE Transactions on Audio, Speech, and Language Processing},
  volume={15},
  number={7},
  pages={2053--2062},
  year={2007},
  publisher={IEEE}
}
@article{li2007vector,
  title={A vector space modeling approach to spoken language identification},
  author={Li, Haizhou and Ma, Bin and Lee, Chin-Hui},
  journal={IEEE Transactions on Audio, Speech, and Language Processing},
  volume={15},
  number={1},
  pages={271--284},
  year={2007},
  publisher={IEEE}
}
@inproceedings{dehak2011language,
  title={Language recognition via i-vectors and dimensionality reduction},
  author={Dehak, Najim and Torres-Carrasquillo, Pedro A and Reynolds, Douglas and Dehak, Reda},
  booktitle={Twelfth annual conference of the international speech communication association},
  year={2011}
}
@article{song2013vector,
  title={I-vector representation based on bottleneck features for language identification},
  author={Song, Yan and Jiang, Bing and Bao, YeBo and Wei, Si and Dai, Li Rong},
  journal={Electronics Letters},
  volume={49},
  number={24},
  pages={1569--1570},
  year={2013},
  publisher={IET}
}
@article{lei2014application,
  title={Application of convolutional neural networks to language identification in noisy conditions},
  author={Lei, Yun and Ferrer, Luciana and Lawson, Aaron and McLaren, Mitchell and Scheffer, Nicolas},
  journal={Proc. Odyssey-14, Joensuu, Finland},
  volume={41},
  year={2014}
}
@article{zhang2018language,
  title={Language/Dialect Recognition Based on Unsupervised Deep Learning},
  author={Zhang, Qian and Hansen, John HL},
  journal={IEEE/ACM Transactions on Audio, Speech and Language Processing (TASLP)},
  volume={26},
  number={5},
  pages={873--882},
  year={2018},
  publisher={IEEE Press}
}

@inproceedings{lander1995ogi,
  title={The OGI 22 language telephone speech corpus},
  author={Lander, Terri and Cole, Ronald A and Oshika, Beatrice T and Noel, Mike},
  booktitle={Fourth European Conference on Speech Communication and Technology},
  year={1995}
}
@article{ambikairajah2011language,
  title={Language identification: A tutorial},
  author={Ambikairajah, Eliathamby and Li, Haizhou and Wang, Liang and Yin, Bo and Sethu, Vidhyasaharan},
  journal={IEEE Circuits and Systems Magazine},
  volume={11},
  number={2},
  pages={82--108},
  year={2011},
  publisher={IEEE}
}
@inproceedings{martin2003nist,
  title={NIST 2003 language recognition evaluation},
  author={Martin, Alvin F and Przybocki, Mark A},
  booktitle={Eighth European Conference on Speech Communication and Technology},
  year={2003}
}
@inproceedings{martin2009,
  title={The 2009 NIST Language Recognition Evaluation.},
  author={Martin, Alvin F and Greenberg, Craig S},
  booktitle={Odyssey},
  volume={30},
  year={2010}
}
@inproceedings{greenberg20122011,
  title={The 2011 nist language recognition evaluation},
  author={Greenberg, Craig S and Martin, Alvin F and Przybocki, Mark A},
  booktitle={Thirteenth Annual Conference of the International Speech Communication Association},
  year={2012}
}
@inproceedings{lyu2013language,
  title={Language diarization for conversational code-switch speech with pronunciation dictionary adaptation},
  author={Lyu, Dau Cheng and Chng, Eng Siong and Li, Haizhou},
  booktitle={Signal and Information Processing (ChinaSIP), 2013 IEEE China Summit and International Conference on},
  pages={147--150},
  year={2013},
  organization={IEEE}
}
@inproceedings{yilmaz2017language,
  title={Language diarization for semi-supervised bilingual acoustic model training},
  author={Yilmaz, Emre and McLaren, Mitchell and van den Heuvel, Henk and van Leeuwen, David A},
  booktitle={Automatic Speech Recognition and Understanding Workshop (ASRU), 2017 IEEE},
  pages={91--96},
  year={2017},
  organization={IEEE}
}
@inproceedings{lyu2013language1,
  title={Language diarization for code-switch conversational speech},
  author={Lyu, Dau Cheng and Chng, Eng Siong and Li, Haizhou},
  booktitle={Acoustics, Speech and Signal Processing (ICASSP), 2013 IEEE International Conference on},
  pages={7314--7318},
  year={2013},
  organization={IEEE}
}
@article{chakroborty2009improved,
  title={Improved text-independent speaker identification using fused MFCC \& IMFCC feature sets based on Gaussian filter},
  author={Chakroborty, Sandipan and Saha, Goutam},
  journal={International Journal of Signal Processing},
  volume={5},
  number={1},
  pages={11--19},
  year={2009}
}
@article{reynolds1995speaker,
  title={Speaker identification and verification using Gaussian mixture speaker models},
  author={Reynolds, Douglas A},
  journal={Speech communication},
  volume={17},
  number={1-2},
  pages={91--108},
  year={1995},
  publisher={Elsevier}
}
@book{beigi2011speaker,
  title={Fundamentals of speaker recognition},
  author={Beigi, Homayoon},
  year={2011},
  publisher={Springer}
}
@article{kenny2005joint,
  title={Joint factor analysis of speaker and session variability: Theory and algorithms},
  author={Kenny, Patrick},
  journal={CRIM, Montreal,(Report) CRIM-06/08-13},
  volume={14},
  pages={28--29},
  year={2005}
}
@inproceedings{hatch2006within,
  title={Within-class covariance normalization for SVM-based speaker recognition},
  author={Hatch, Andrew O and Kajarekar, Sachin and Stolcke, Andreas},
  booktitle={Ninth international conference on spoken language processing},
  year={2006}
}
@inproceedings{campbell2006svm,
  title={SVM based speaker verification using a GMM supervector kernel and NAP variability compensation},
  author={Campbell, William M and Sturim, Douglas E and Reynolds, Douglas A and Solomonoff, Alex},
  booktitle={2006 IEEE International Conference on Acoustics Speech and Signal Processing Proceedings},
  volume={1},
  pages={I--I},
  year={2006},
  organization={IEEE}
}
@article{jiang2014deep,
  title={Deep bottleneck features for spoken language identification},
  author={Jiang, Bing and Song, Yan and Wei, Si and Liu, Jun-Hua and McLoughlin, Ian Vince and Dai, Li-Rong},
  journal={PloS one},
  volume={9},
  number={7},
  pages={e100795},
  year={2014},
  publisher={Public Library of Science}
}
@article{waibel1989phonemetdnn,
  title={Phoneme recognition using time-delay neural networks},
  author={Waibel, Alexander and Hanazawa, Toshiyuki and Hinton, Geoffrey and Shikano, Kiyohiro and Lang, Kevin J},
  journal={IEEE Transactions on Acoustics, Speech and Signal Processing},
  volume={37},
  number={3},
  pages={328--339},
  year={1989},
  publisher={Lawrence Erlbaum Assoc. Mahwah, NJ}
}

